@article{wolski,
  title={Interbank loans, collateral and modern monetary policy},
  author={Wolski, Marcin and van de Leur, Michiel},
  journal={Journal of Economic Dynamics and Control},
  volume={73},
  pages={388--416},
  year={2016},
  publisher={Elsevier}
}

@article{billio,
  title={Econometric measures of connectedness and systemic risk in the finance and insurance sectors},
  author={Billio, Monica and Getmansky, Mila and Lo, Andrew W. and Pelizzon, Loriana},
  journal={Journal of Financial Economics},
  volume={104},
  pages={535-559},
  year={2012},
  publisher={Elsevier}
}

@article{acemoglu,
Author = {Acemoglu, Daron and Ozdaglar, Asuman and Tahbaz-Salehi, Alireza},
Title = {Systemic Risk and Stability in Financial Networks},
Journal = {American Economic Review},
Volume = {105},
Number = {2},
Year = {2015},
Month = {February},
Pages = {564-608},
DOI = {10.1257/aer.20130456},
URL = {https://www.aeaweb.org/articles?id=10.1257/aer.20130456}}

@Misc{haldane,
  author =       {Haldane, Andrew G.},
  title =       {Rethinking the financial network},
  year =         {2009},
  month =       {April},
  note =         {Speech delivered at the Financial Student Association, Amsterdam},
url ={https://www.bankofengland.co.uk/speech/2009/rethinking-the-financial-network},
}


@inbook{callaway,
url = {https://doi.org/10.1515/9781400841356.510},
title = {Network Robustness and Fragility: Percolation on Random Graphs},
booktitle = {The Structure and Dynamics of Networks},
author = {Duncan S. Callaway and M.E.J. Newman and Steven H. Strogatz and Duncan J. Watts},
publisher = {Princeton University Press},
address = {Princeton},
pages = {510--513},
doi = {doi:10.1515/9781400841356.510},
isbn = {9781400841356},
year = {2006},
lastchecked = {2024-01-07}
}

@article{gai,
  title={Contagion in financial networks},
  author={Gai, Prasanna and Kapadia, Sujit},
  journal={Proceedings of the Royal Society A: Mathematical, Physical and Engineering Sciences},
  volume={466},
  number={2120},
  pages={2401--2423},
  year={2010},
  publisher={The Royal Society Publishing}
}